@inproceedings{makarychev2019performance,
  title={Performance of Johnson-Lindenstrauss transform for k-means and k-medians clustering},
  author={Makarychev, Konstantin and Makarychev, Yury and Razenshteyn, Ilya},
  booktitle={Proceedings of the 51st Annual ACM SIGACT Symposium on Theory of Computing},
  pages={1027--1038},
  year={2019}
}

@article{thickstunfast,
  title={THE FAST JOHNSON-LINDENSTRAUSS TRANSFORM},
  author={THICKSTUN, JOHN}
}

@article{cohen2022scalable,
  title={Scalable Differentially Private Clustering via Hierarchically Separated Trees},
  author={Cohen-Addad, Vincent and Epasto, Alessandro and Lattanzi, Silvio and Mirrokni, Vahab and Munoz, Andres and Saulpic, David and Schwiegelshohn, Chris and Vassilvitskii, Sergei},
  journal={arXiv preprint arXiv:2206.08646},
  year={2022}
}

@article{cohen2020fast,
  title={Fast and Accurate $ k $-means++ via Rejection Sampling},
  author={Cohen-Addad, Vincent and Lattanzi, Silvio and Norouzi-Fard, Ashkan and Sohler, Christian and Svensson, Ola},
  journal={Advances in Neural Information Processing Systems},
  volume={33},
  pages={16235--16245},
  year={2020}
}
